<?xml version = "1.0" encoding = "UTF-8"?><record>
  <leader>01209nrm#a2200277#c#4500</leader>
  <controlfield tag="005">20210408142926.0</controlfield>
  <controlfield tag="007">zu</controlfield>
  <controlfield tag="008">040615|1997####gw#|||############g|ger#c</controlfield>
  <controlfield tag="003">DE-605</controlfield>
  <controlfield tag="001">990129161410206441</controlfield>
  <datafield tag="016" ind1="7" ind2=" ">
    <subfield code="a">1068933973</subfield>
    <subfield code="2">OCoLC</subfield>
  </datafield>
  <datafield tag="035" ind1=" " ind2=" ">
    <subfield code="a">(DE-605)HT014046679</subfield>
  </datafield>
  <datafield tag="040" ind1=" " ind2=" ">
    <subfield code="a">Bi 10</subfield>
    <subfield code="b">ger</subfield>
    <subfield code="c">BVB</subfield>
    <subfield code="d">Bi 10</subfield>
    <subfield code="e">rakwb</subfield>
  </datafield>
  <datafield tag="041" ind1=" " ind2=" ">
    <subfield code="a">ger</subfield>
  </datafield>
  <datafield tag="044" ind1=" " ind2=" ">
    <subfield code="c">XA-DE</subfield>
  </datafield>
  <datafield tag="245" ind1="0" ind2="0">
    <subfield code="a">Brave M&#228;dchen - B&#246;se M&#228;dchen</subfield>
    <subfield code="h">Spiel</subfield>
    <subfield code="b">das Kommunikationsspiel zur Bewertung weiblichen Verhaltens f&#252;r 2 - 8 Spielerinnen</subfield>
    <subfield code="c">Idee und Konzeption: Erika Herrenbr&#252;ck. Texte: Angelika Hoefler</subfield>
  </datafield>
  <datafield tag="264" ind1=" " ind2="1">
    <subfield code="a">Hennef</subfield>
    <subfield code="b">INVENTION</subfield>
    <subfield code="c">1997</subfield>
  </datafield>
  <datafield tag="300" ind1=" " ind2=" ">
    <subfield code="a">1 Spiel (Inhalt: 1 Spielanleitung, 100 Situationskarten: 60 f&#252;r Frauen, 40 f&#252;r M&#228;dchen (ab 12 J.). 90 Brave-Karten, 90 B&#246;se-Karten)</subfield>
  </datafield>
  <datafield tag="500" ind1=" " ind2=" ">
    <subfield code="a">Lizenziert f&#252;r das Amt f&#252;r Jugendarbeit der Evangelischen Kirche von Westfalen, Haus Villigast</subfield>
    <subfield code="9">F:501</subfield>
  </datafield>
  <datafield tag="700" ind1="1" ind2=" ">
    <subfield code="a">Herrenbr&#252;ck, Erika</subfield>
    <subfield code="4">oth</subfield>
  </datafield>
  <datafield tag="700" ind1="1" ind2=" ">
    <subfield code="a">Hoefler, Angelika</subfield>
    <subfield code="4">oth</subfield>
  </datafield>
  <datafield tag="710" ind1="2" ind2=" ">
    <subfield code="a">Evangelische Kirche von Westfalen</subfield>
    <subfield code="b">Amt f&#252;r Jugendarbeit</subfield>
    <subfield code="0">(DE-588)2095440-2</subfield>
    <subfield code="4">oth</subfield>
    <subfield code="0">(uri) https://portal.dnb.de/opac.htm?method=simpleSearch&amp;cqlMode=true&amp;query=idn=00744284X</subfield>
    <subfield code="0">(uri) http://viaf.org/viaf/sourceID/DNB|00744284X</subfield>
    <subfield code="B">GND-00744284X</subfield>
  </datafield>
  <datafield tag="964" ind1="0" ind2="s">
    <subfield code="F">030</subfield>
    <subfield code="A">a|1uc||||||37</subfield>
  </datafield>
  <datafield tag="964" ind1="0" ind2="s">
    <subfield code="F">050</subfield>
    <subfield code="A">|||||||||a||||</subfield>
  </datafield>
  <datafield tag="964" ind1="0" ind2="s">
    <subfield code="F">051</subfield>
    <subfield code="A">m|||||||</subfield>
  </datafield>
  <datafield tag="035" ind1=" " ind2=" ">
    <subfield code="a">(OCoLC)1068933973</subfield>
    <subfield code="0">(uri) http://www.worldcat.org/oclc/1068933973</subfield>
  </datafield>
  <datafield tag="MBD" ind1=" " ind2=" ">
    <subfield code="M">49HBZ_NETWORK</subfield>
    <subfield code="i">990129161410206441</subfield>
    <subfield code="n">HBZ Network</subfield>
  </datafield>
  <datafield tag="MNG" ind1=" " ind2=" ">
    <subfield code="c">System</subfield>
    <subfield code="f">ILS</subfield>
    <subfield code="i">marc21</subfield>
    <subfield code="k">01</subfield>
    <subfield code="e">false</subfield>
    <subfield code="d">2021-04-08 14:29:26 Europe/Berlin</subfield>
    <subfield code="g">012916141-HBZ01</subfield>
    <subfield code="j">60</subfield>
    <subfield code="a">import</subfield>
    <subfield code="b">2021-04-05 15:41:42 Europe/Berlin</subfield>
  </datafield>
  <datafield tag="GKT" ind1="2" ind2=" ">
    <subfield code="a">Amt fu&#776;r Jugendarbeit</subfield>
    <subfield code="g">Evangelische Kirche von Westfalen</subfield>
    <subfield code="A">GND</subfield>
    <subfield code="B">GND-00744284X</subfield>
    <subfield code="C">410</subfield>
  </datafield>
  <datafield tag="GKT" ind1="2" ind2=" ">
    <subfield code="a">Amt fu&#776;r Jugendarbeit der EKvW</subfield>
    <subfield code="A">GND</subfield>
    <subfield code="B">GND-00744284X</subfield>
    <subfield code="C">410</subfield>
  </datafield>
  <datafield tag="GSI" ind1="7" ind2=" ">
    <subfield code="a">http://d-nb.info/gnd/2095440-2</subfield>
    <subfield code="2">uri</subfield>
    <subfield code="A">GND</subfield>
    <subfield code="B">GND-00744284X</subfield>
    <subfield code="C">024</subfield>
  </datafield>
</record>